<record><leader>00000cas a22000007a 4500</leader><controlfield tag="001">21057056</controlfield><controlfield tag="008">900213c19469999couwr ne      0    0eng d</controlfield><datafield ind1=" " ind2=" " tag="010"><subfield code="a">sn 90051062 </subfield></datafield><datafield ind1=" " ind2=" " tag="040"><subfield code="a">CNQ</subfield><subfield code="b">eng</subfield><subfield code="c">CNQ</subfield><subfield code="d">OCLCQ</subfield></datafield><datafield ind1=" " ind2=" " tag="042"><subfield code="a">msc</subfield></datafield><datafield ind1="0" ind2=" " tag="130"><subfield code="a">Steamboat pilot (Steamboat Springs, Colo. : 1946)</subfield></datafield><datafield ind1="1" ind2="4" tag="245"><subfield code="a">The Steamboat pilot.</subfield></datafield><datafield ind1=" " ind2=" " tag="260"><subfield code="a">Steamboat Springs, Colo. :</subfield><subfield code="b">C.H. Leckenby and Maurice W. Leckenby</subfield></datafield><datafield ind1=" " ind2=" " tag="300"><subfield code="a">v.</subfield></datafield><datafield ind1=" " ind2=" " tag="310"><subfield code="a">Weekly</subfield></datafield><datafield ind1="0" ind2=" " tag="362"><subfield code="a">Vol. 64, no. 42 (May 16, 1946)-</subfield></datafield><datafield ind1=" " ind2=" " tag="530"><subfield code="a">Available on microfilm from the Colorado Historical Society.</subfield></datafield><datafield ind1=" " ind2=" " tag="752"><subfield code="a">United States</subfield><subfield code="b">Colorado</subfield><subfield code="c">Routt</subfield><subfield code="d">Steamboat Springs.</subfield></datafield><datafield ind1="0" ind2="0" tag="780"><subfield code="t">Steamboat pilot with which is combined the Routt County sentinel and Oak Creek times-leader</subfield><subfield code="w">(DLC)sn 90051061</subfield></datafield></record>